2503 3579
509 487 636 518 smo
652 478 729 534 ιι]
973 491 1103 522 PRIMA
1127 491 1243 522 PARS
1905 499 1973 532 401

507 591 553 625 de
581 601 627 626 ea
655 589 839 631 officiarii,
868 589 937 624 nisi
968 601 1126 636 quorum
1158 589 1404 624 ministerium
1435 589 1528 624 foret
1556 589 1624 624 sibi
1655 601 1716 625 ne-

505 643 719 687 cessarium,
749 643 883 678 cedens
911 643 1063 678 ecclesie
1091 644 1137 678 ad
1167 643 1386 688 profectum.
1417 644 1573 688 Oportet
1592 651 1715 678 autem

506 696 700 732 ecclesiam
738 696 850 731 dividi
883 696 918 731 in
950 698 1016 731 hee
1046 696 1139 731 tria:
1177 696 1314 731 Omnia
1354 697 1522 731 membra
1564 696 1717 732 ecclesie

505 751 640 786 debent
677 749 776 785 enim
821 762 899 786 esse
940 758 1106 795 pastores
1150 758 1212 784 aut
1248 761 1346 785 oves.
1388 758 1553 794 pastores
1593 758 1715 785 autem

473 804 639 839 idebent
680 815 758 838 esse
798 804 1011 839 sacerdotes
1051 802 1125 838 sive
1167 802 1328 840 diaconi.
1369 803 1544 838 docentes
1572 815 1715 839 sacram

505 856 829 892 conversacionem
861 856 1017 894 Christi:
1046 867 1131 891 oves
1161 865 1283 891 autem
1315 867 1386 901 que
1406 864 1488 891 sunt
1519 857 1718 902 populares

504 911 561 945 vel
590 909 674 945 laici
704 918 788 945 sunt
817 909 855 945 in
875 910 1000 945 oflicio
1020 908 1199 956 bipartiti.
1220 908 1308 956 quia
1328 909 1383 943 vel
1403 917 1487 943 sunt
1507 909 1717 945 defensores

505 964 561 998 vel
596 963 781 1009 operarii;
817 964 1028 998 defensores
1062 970 1185 997 autem
1226 971 1310 997 sunt
1350 963 1533 997 seculares
1574 963 1715 998 domini

506 1016 569 1063 qui
600 1017 733 1051 debent
762 1025 933 1062 potenter
963 1016 1158 1051 defendere
1187 1015 1404 1054 ecclesiam;
1439 1015 1600 1061 operarii
1629 1027 1717 1051 vero

453 1082 493 1104 ιο
506 1078 590 1104 sunt
620 1069 739 1115 plebei
769 1070 831 1115 qui
862 1071 997 1105 debent
1026 1069 1178 1104 ecclesie
1213 1068 1249 1104 in
1280 1068 1549 1104 abieccioribus
1584 1069 1717 1104 officiis

508 1122 728 1157 ministrare.
759 1124 804 1157 Et
833 1123 862 1158 si
892 1123 959 1158 iste
987 1122 1170 1157 ternarius
1209 1121 1296 1157 facit
1337 1122 1571 1157 concorditer
1605 1131 1717 1168 atque

507 1175 664 1211 fideliter
682 1187 790 1211 suum
812 1176 989 1219 officium,
1010 1185 1096 1211 tunc
1117 1174 1396 1222 prosperabitur
1411 1183 1527 1211 mater
1548 1175 1714 1212 ecclesia.

559 1230 630 1265 Sed
659 1229 754 1264 sicut
791 1229 930 1265 dictum
972 1238 1025 1265 est
1066 1231 1112 1264 de
1150 1228 1268 1264 tribus
1307 1227 1474 1274 partibus
1514 1229 1982 1275 spiritualisTheium-nomem,

506 1284 639 1317 domus
668 1282 834 1326 ecclesie,
864 1282 916 1318 ita
945 1283 1143 1318 dicendum
1174 1291 1227 1317 est
1257 1283 1301 1317 de
1331 1281 1401 1317 hiis
1420 1283 1520 1328 quod
1541 1294 1717 1318 concessa
1777 1266 1957 1327 223?ssssss

456 1339 492 1370 15
506 1335 713 1382 cuicunque
741 1335 895 1371 istarum
926 1336 1059 1371 virtute
1088 1334 1245 1370 faciendi
1275 1336 1524 1381 quodcunque
1551 1335 1715 1371 officium
1787 1329 1933 1356 sufficient.

507 1390 614 1424 debet
644 1388 823 1424 instanter
852 1390 923 1424 hoc
953 1390 1072 1425 facere
1102 1390 1147 1424 ad
1179 1390 1359 1424 honorem
1396 1388 1522 1434 sponsi
1552 1389 1716 1425 ecclesie.

507 1441 684 1485 Quamvis
712 1450 835 1477 autem
857 1445 1058 1477 secundum
1081 1442 1291 1488 superbiam
1313 1450 1376 1477 aut
1397 1441 1595 1478 avariciam
1616 1443 1720 1478 Anti-

507 1495 632 1531 christi
664 1495 959 1542 multiplicantur
988 1496 1024 1531 in
1055 1497 1155 1531 clero
1185 1495 1356 1538 ministri,
1386 1494 1501 1530 eciam
1534 1497 1632 1531 ultro
1660 1508 1719 1531 or-

508 1547 629 1584 dinem
660 1548 793 1584 veteris
828 1549 1052 1593 testamenti,
1094 1549 1303 1584 sufficerent
1343 1557 1468 1583 tamen
1508 1551 1719 1585 sacerdotes

453 1614 494 1636 πο
507 1610 618 1648 atque
648 1601 808 1643 diaconi,
838 1602 932 1637 sicut
962 1602 1029 1638 fuit
1059 1611 1227 1649 tempore
1256 1601 1429 1648 apostoli.

560 1657 629 1691 Sex
658 1664 781 1690 autem
811 1656 979 1701 predicta
1007 1656 1195 1702 superflua
1230 1654 1516 1690 subdividuntur
1545 1654 1582 1690 in
1615 1667 1718 1691 secu·
1731 1661 1781 1687 Six
1804 1661 1985 1695 superfluous

509 1709 602 1744 lares
631 1708 787 1744 clericos
825 1717 859 1744 et
890 1709 1045 1745 clericos
1079 1710 1282 1755 regulares3
1323 1716 1396 1744 tres
1431 1717 1554 1744 autem
1596 1717 1719 1754 partes
1747 1693 1969 1761 (Τιὶίῗῖιὲῗᾶῗῗκ

508 1762 693 1808 superflue
740 1761 777 1796 in
824 1763 1052 1798 secularibus
1086 1762 1256 1797 videntur
1296 1773 1374 1797 esse
1408 1761 1541 1807 prelati
1588 1762 1719 1797 cesarii

508 1823 547 1850 ut
577 1826 673 1861 pape
702 1826 787 1851 cum
817 1815 891 1850 suis
922 1816 1166 1862 complicibus
1196 1824 1306 1862 atque
1327 1815 1505 1861 episcopi,
1536 1814 1720 1851 archidia-

456 1870 495 1903 25
509 1867 593 1904 coni
623 1877 658 1904 et
687 1868 926 1904 ecclesiarum
959 1869 1230 1905 kathedralium
1260 1867 1508 1914 pmbendarii,
1539 1876 1612 1904 tres
1633 1880 1720 1904 vero

508 1921 628 1957 vocati
671 1922 856 1967 regulares
900 1922 1078 1969 superflui
1117 1931 1201 1958 sunt
1237 1921 1423 1964 monachi,
1458 1921 1628 1957 canonici
1664 1923 1720 1958 vel

508 1976 847 2021 quomodocunque
886 1975 994 2012 aliter
1022 1984 1211 2018 vocentur,
1248 1976 1336 2010 dum
1372 1983 1497 2011 tamen
1531 1974 1603 2010 sint
1638 1987 1720 2022 per-

508 2037 621 2074 petuo
650 2028 925 2074 possessionati.
963 2031 1000 2064 ln
1031 2030 1193 2064 secundo
1221 2030 1338 2074 gradu
1367 2037 1450 2064 sunt
1480 2028 1721 2075 Hospitalarii

508 2081 545 2116 in
574 2081 829 2117 sacerdotibus
848 2090 882 2117 et
902 2082 1027 2117 multis
1047 2082 1128 2117 aliis
1149 2081 1278 2117 ritibus
1300 2081 1552 2127 multipliciter
1572 2081 1721 2127 variati;

455 2136 496 2169 3ο
508 2135 571 2170 sed
601 2134 638 2169 in
668 2133 784 2169 tercio
812 2136 929 2180 gradu
958 2144 1042 2170 sunt
1071 2135 1324 2171 Mendicantes
1351 2135 1461 2170 validi
1501 2135 1563 2182 qui
1594 2134 1721 2171 distin-

508 2195 670 2234 guuntur
699 2187 736 2223 in
765 2196 883 2223 sectas
914 2188 1147 2235 multiplices.
1190 2190 1287 2223 Deus
1325 2196 1448 2223 autem
1490 2188 1613 2234 posuit
1648 2197 1722 2224 tres

510 2250 645 2287 partes,
667 2240 807 2286 primas
826 2242 873 2276 ad
894 2241 1174 2277 similitudinem
1189 2240 1383 2276 Trinitatis
1403 2250 1439 2276 et
1458 2253 1568 2287 super
1588 2250 1722 2288 quarta

508 2305 584 2329 non
612 2293 768 2340 quiescit
797 2295 1051 2341 approbative,
1082 2306 1166 2331 cum
1200 2294 1384 2330 seculares
1413 2294 1554 2329 domini
1587 2288 1722 2330 debent

511 2348 645 2382 habere
692 2347 905 2393 potenciam
953 2350 998 2383 ad
1047 2347 1420 2393 correspondenciam
1471 2349 1548 2383 Deo
1599 2348 1721 2394 patri3

458 2402 497 2435 35
511 2402 722 2436 sacerdotes
751 2409 875 2437 autem
906 2401 1042 2437 Christi
1072 2403 1207 2436 debent
1241 2402 1376 2436 habere
1413 2401 1639 2447 sapienciam
1675 2402 1721 2437 ad

511 2454 886 2500 correspondenciam
918 2457 1029 2490 verbo
1049 2454 1134 2493 Dei:
1164 2456 1227 2489 sed
1248 2455 1443 2489 servitores
1472 2453 1535 2501 qui
1556 2454 1592 2489 in
1615 2453 1722 2489 mini-

511 2506 624 2543 sterio
653 2508 787 2542 debent
818 2519 896 2543 csse
925 2507 1041 2543 infimi
1073 2509 1208 2543 debent
1237 2519 1315 2543 esse
1346 2507 1502 2543 humiles
1538 2507 1720 2543 caritativi

574 2661 602 2686 4.
620 2653 662 2680 A:
681 2653 757 2680 enim
777 2654 869 2685 dces-n
888 2652 924 2679 ib.
939 2652 1028 2679 ABG:
1048 2661 1116 2679 oves
1135 2656 1180 2678 aut
1200 2653 1302 2679 debent
1320 2662 1383 2680 esse
1401 2652 1572 2680 sacerdotes.
1639 2653 1664 2689 ὃἰ
1679 2653 1720 2678 A:

512 2688 605 2711 autem
624 2685 712 2712 deest.
780 2693 817 2712 ιο.
837 2685 875 2712 C:
895 2685 1115 2711 abiere-ionibus.
1186 2692 1223 2717 ¹4·
1244 2685 1308 2711 AB:
1327 2685 1384 2711 hiis
1402 2685 1507 2716 tribus:
1532 2686 1573 2711 A:
1593 2685 1722 2718 partibus

512 2724 575 2750 que.
644 2725 681 2751 ¹7·
700 2718 721 2744 B
740 2717 767 2744 in
787 2725 891 2751 mnrg.:
911 2716 986 2743 Cane
1005 2717 1059 2745 hie.
1079 2717 1145 2750 quia
1167 2717 1287 2743 destruit
1307 2724 1377 2750 pene
1395 2721 1485 2743 totum
1504 2717 1609 2743 clerum
1629 2721 1723 2749 preter

512 2748 707 2776 sacerdocium
726 2754 752 2776 et
771 2749 878 2776 lexitas.
939 2748 978 2775 23.
999 2750 1038 2775 A:
1059 2753 1084 2774 et
1104 2749 1140 2774 in.
1203 2756 1246 2781 24.
1267 2750 1308 2775 A:
1329 2756 1410 2782 papa.
1470 2748 1510 2775 25.
1531 2748 1551 2774 Β
1569 2748 1596 2774 in
1616 2755 1721 2781 marga

513 2780 540 2806 id
559 2785 601 2807 est
617 2781 758 2807 canonici.
857 2781 899 2807 28.
919 2780 941 2806 15
968 2780 995 2806 iu
1024 2788 1128 2813 marg.:
1157 2780 1304 2814 superflui.
1409 2788 1452 2814 29.
1472 2780 1508 2806 E:
1537 2780 1676 2806 militibus
1694 2780 1720 2806 in

513 2819 616 2846 marg.:
641 2818 760 2840 correct.
781 2813 877 2839 multis
896 2812 1019 2838 variatis.
1137 2811 1177 2839 33.
1197 2812 1236 2839 C:
1263 2820 1336 2839 nunc
1354 2812 1482 2846 quiescit.
1590 2811 1631 2845 37.
1652 2812 1675 2838 l)
1694 2812 1721 2837 in

513 2851 616 2878 marga
644 2844 709 2872 Mila
727 2844 836 2874 Husco.
855 2845 882 2871 id
901 2848 953 2877 est,
972 2845 1121 2872 carissima
1139 2852 1232 2871 anser.
1251 2844 1362 2871 Huscn:
1388 2844 1656 2877 subintelligendum
1681 2847 1723 2869 est

512 2875 656 2903 Johannes
678 2876 751 2908 Hus,
776 2877 821 2903 cui
849 2876 967 2904 Bohemi
993 2877 1110 2910 quidam
1138 2877 1192 2903 hos
1225 2884 1371 2903 sermones
1392 2874 1532 2902 ,lobannis
1558 2875 1593 2902 de
1616 2875 1727 2910 w'yclii'

514 2907 590 2934 haud
609 2908 695 2935 dubie
712 2908 919 2935 adscribebant.
