2503 3579
552 519 679 548 samo
696 509 770 564 Lx]
1021 522 1150 553 Pium
1175 521 1292 552 PARS.
1951 513 2024 557 403

606 619 766 663 Quintus
797 619 964 655 minister
993 619 1220 666 proditorius
1250 628 1284 655 et
1305 619 1342 655 in
1372 619 1518 655 fallacia
1537 620 1619 665 plus
1641 619 1763 653 multi—
1786 625 1809 652 5.
1829 625 2016 659 Hospitalers,

551 673 663 709 sarius
704 681 789 707 sunt
831 673 1086 719 Hospitalarii,
1128 672 1260 719 quibus
1307 682 1384 708 tota
1425 672 1571 708 fallacia
1611 684 1762 708 suarum

549 726 718 773 parcium
747 726 883 772 poterit
903 726 1095 772 applicari.
1112 726 1245 761 Videat
1265 737 1352 771 ergo
1381 727 1494 761 homo
1515 726 1603 773 quid
1623 725 1764 761 fraudis

551 779 698 823 milites,
739 779 828 825 quid
857 781 1068 815 sacerdotes
1098 780 1153 814 vel
1183 778 1245 815 alii
1276 779 1399 814 clerici
1435 778 1575 814 faciunt
1610 778 1764 814 ecclesie

517 833 586 868 Sin
626 833 696 867 hoc
735 834 852 878 gradu
892 841 926 867 et
967 833 1065 867 fraus
1112 832 1219 867 huius
1261 832 1453 867 ministerii
1493 832 1582 868 satis
1626 832 1763 878 poterit

551 885 711 921 dilatari.

603 939 732 974 Sextus
770 940 906 984 gradus
947 947 981 973 et
1023 939 1174 974 ultimus
1214 950 1324 986 super
1371 951 1445 985 quo
1486 951 1562 974 non
1606 938 1762 985 quiescit
1776 934 2023 994 xgffimffidssffiflfff

550 994 648 1027 Deus
677 1003 870 1038 quousque
899 993 1110 1027 destruatur
1139 992 1284 1038 penitus
1315 1001 1368 1027 est
1396 994 1489 1028 ordo
1519 993 1675 1028 fratrum
1705 1003 1764 1027 ex·
1845 999 1881 1025 ati
1899 1000 1963 1025 evii.

550 1045 796 1091 proprietarie
832 1045 1037 1080 vivencium
1079 1045 1141 1091 qui
1182 1057 1219 1080 se
1259 1045 1454 1081 nominant
1496 1045 1762 1080 Mendicantes.

498 1112 537 1134 ιο
551 1098 655 1134 Sicut
682 1098 780 1133 enim
809 1100 1011 1134 secundum
1024 1100 1244 1145 Apostolum
1275 1107 1328 1134 est
1348 1107 1646 1134 consummatum
1668 1097 1764 1145 peri-

551 1152 674 1187 culum
705 1151 743 1186 in
772 1151 870 1187 falsis
913 1152 1099 1195 fratribus,
1140 1152 1191 1187 sic
1231 1151 1368 1187 invenit
1411 1152 1579 1187 diabolus
1619 1153 1665 1187 ab
1706 1163 1763 1187 ex-

455 1188 538 1263 ,53⁰¹ss
551 1204 738 1251 periencia
778 1204 842 1239 diu
865 1202 871 1254 Ι
896 1213 1006 1240 turna
1046 1205 1237 1240 convictus
1278 1205 1313 1240 in
1349 1205 1417 1241 ista
1457 1213 1558 1241 secta
1592 1213 1632 1239 ut
1666 1205 1763 1240 ultra

479 1256 487 1262 “
550 1266 668 1293 totam
698 1257 974 1293 universitatem
1005 1258 1173 1294 fraudem
1194 1257 1358 1301 ecclesie,
1390 1270 1473 1293 cum
1501 1259 1664 1294 cautelas
1683 1269 1762 1293 ver-

551 1311 672 1347 sucias
705 1311 762 1345 vel
802 1311 908 1346 dolos
946 1323 1130 1358 nusquam
1171 1311 1332 1347 invenies
1371 1323 1464 1358 quos
1504 1323 1579 1347 non
1616 1311 1653 1347 in
1693 1311 1762 1347 ista

501 1369 651 1401 15secta
690 1363 863 1410 reperies.
907 1366 1000 1399 Sunt
1040 1364 1139 1399 enim
1181 1365 1279 1411 pleni
1321 1364 1537 1409 mendaciis,
1578 1364 1763 1401 scandalis

434 1454 445 1464 ,
470 1427 496 1450 o
551 1426 662 1464 atque
692 1417 932 1463 blasphemiis
961 1425 996 1452 et
1025 1429 1090 1463 per
1118 1418 1318 1463 ypocrisim
1354 1430 1458 1454 suam
1488 1420 1669 1454 seducunt
1706 1429 1764 1454 ec-

553 1470 716 1506 clesiam.
746 1472 839 1506 Sunt
867 1478 990 1506 autem
1021 1479 1213 1517 tamquam
1243 1471 1444 1506 testudines
1465 1473 1764 1518 perambulantes

553 1523 721 1559 celeriter
761 1535 834 1559 una
873 1532 957 1570 post
997 1525 1152 1559 alteram
1188 1532 1305 1560 totam
1342 1533 1491 1567 terram,
1534 1524 1761 1561 confederati

552 1576 670 1612 eciam
700 1588 784 1611 cum
814 1576 975 1612 dominis
1004 1585 1038 1613 et
1068 1577 1290 1613 dominabus
1318 1586 1511 1624 penetrant
1539 1578 1642 1614 omni
1672 1580 1764 1613 hora

500 1641 721 1666 nocameras
749 1629 1016 1666 secretissimas
1056 1639 1246 1677 tamquam
1288 1631 1524 1666 dominarum
1565 1631 1677 1666 catuli
1706 1632 1763 1667 vel

554 1684 719 1718 bubones
755 1691 790 1718 et
825 1691 1016 1729 tamquam
1058 1684 1117 1718 lux
1155 1695 1197 1719 ac
1237 1685 1366 1719 oculus
1406 1685 1526 1720 tocius
1570 1684 1763 1720 militantis

554 1736 706 1772 ecclesie
735 1736 877 1781 fingunt
896 1736 1049 1782 prelatis
1069 1748 1172 1772 suam
1195 1738 1519 1773 conversacionem
1540 1746 1616 1774 tam
1637 1749 1764 1773 neces-

552 1789 687 1826 sariam
719 1789 786 1824 toti
817 1789 991 1825 militanti
1020 1790 1173 1826 ecclesie
1202 1793 1301 1837 quod
1330 1791 1408 1827 sine
1438 1803 1565 1826 eorum
1587 1790 1764 1827 commix-

552 1843 653 1878 tione
682 1855 756 1878 non
784 1842 921 1878 viveret
955 1855 1040 1889 pars
1070 1843 1195 1890 aliqua
1225 1846 1346 1890 quoad
1378 1846 1509 1885 Deum,
1540 1853 1575 1880 et
1606 1847 1660 1890 (ut
1683 1845 1763 1881 bre-

500 1903 537 1934 25
553 1896 643 1931 viter
664 1897 994 1942 comprehendam)
1018 1897 1193 1931 habentes
1222 1897 1378 1933 linxinos
1406 1899 1535 1933 oculos
1555 1910 1597 1934 ac
1619 1898 1763 1933 incessu

553 1949 691 1996 duplici
721 1949 883 1995 undique
912 1951 1145 1996 speculantes
1173 1962 1303 1986 omnes
1335 1952 1496 1986 cautelas
1528 1952 1666 1987 diaboli
1692 1963 1764 1997 que

552 2003 686 2038 fastum
715 2003 772 2038 vel
801 2003 943 2037 lucrum
975 2003 1123 2048 sapiunt
1152 2015 1218 2039 sua
1245 2004 1406 2049 ypocrisi
1436 2013 1520 2040 sunt
1550 2004 1686 2041 rimati.

604 2056 744 2091 Omnes
763 2064 885 2091 autern
908 2057 974 2091 has
994 2068 1054 2091 sex
1073 2066 1224 2092 vocatas
1244 2066 1368 2103 partes
1388 2058 1541 2094 ecclesie
1561 2060 1765 2094 destrueret
1776 2064 1912 2092 Theti-ue
1924 2064 2030 2092 chun-ch

552 2108 756 2144 animosius
786 2121 871 2155 pars
905 2109 1036 2155 triplex
1071 2109 1256 2156 primitive
1290 2111 1443 2146 ecclesie
1477 2123 1548 2157 que
1583 2112 1662 2158 ipsa
1698 2097 1915 2155 fuiteffffffldffl
1937 2101 2029 2156 ῗῇἐζῐζ

502 2162 642 2199 3oolim
672 2174 738 2209 per
767 2162 955 2197 Christum
990 2162 1068 2198 sine
1107 2163 1371 2199 commixtione
1409 2173 1592 2199 sectarum
1634 2165 1763 2200 talium

553 2215 739 2258 instituta3
761 2227 846 2261 pars
860 2215 981 2261 prima
994 2216 1147 2251 ecclesie
1161 2217 1361 2262 prudenter
1381 2217 1498 2253 acutis
1520 2218 1763 2262 sermonibus,

552 2270 715 2304 secunda
744 2280 830 2314 pars
866 2269 1019 2304 ecclesie
1054 2277 1224 2314 potenter
1258 2269 1363 2305 iustis
1397 2271 1700 2306 ordinacionibus
1730 2280 1765 2306 et

553 2321 668 2357 tercia
707 2333 793 2368 pars
833 2321 985 2357 ecclesie
1032 2322 1102 2368 piis
1154 2323 1438 2359 elemosinarum
1484 2336 1634 2360 suarum
1681 2326 1765 2360 sub-

554 2374 817 2410 traceionibus.

501 2433 540 2465 35
606 2430 683 2463 Nec
712 2436 897 2474 supponat
917 2429 1050 2474 aliquis
1070 2431 1169 2475 quod
1186 2429 1387 2465 includitur
1406 2430 1443 2465 in
1464 2430 1589 2476 aliquo
1610 2430 1764 2465 istorum

554 2480 725 2527 impietas
756 2481 829 2516 sive
865 2480 1014 2524 invidia,
1049 2482 1136 2528 quia
1176 2483 1343 2518 Christus
1375 2495 1415 2518 ex
1449 2495 1595 2519 summa
1629 2483 1766 2530 pietate

554 2543 590 2569 et
619 2546 747 2569 amore
776 2534 930 2569 ecclesie
959 2535 1077 2570 eciam
1108 2535 1352 2580 prescitorum
1383 2535 1595 2583 reprobavit
1635 2546 1669 2572 et
1705 2539 1766 2573 de-

554 2587 684 2622 struxit
703 2587 915 2623 acutissime
931 2588 1134 2634 phariseos.
1157 2591 1231 2624 Nec
1252 2598 1305 2625 est
1326 2591 1418 2635 phas
1439 2590 1538 2625 fideli
1559 2589 1767 2626 discredere

555 2753 560 2758 -
617 2729 638 2749 1.
656 2721 709 2748 AB
725 2721 754 2748 in
773 2722 926 2778 τηυξψδ..
955 2729 979 2749 2.
998 2722 1036 2749 C:
1062 2723 1135 2749 sicut
1153 2723 1355 2757 Hospiplicnri.
1408 2724 1430 2751 5.
1450 2724 1486 2761 13¹:
1506 2729 1532 2761 et
1549 2724 1636 2762 deest.
1682 2744 1696 2763 ζ
1714 2724 1767 2752 AC

554 2761 582 2780 in
596 2761 713 2791 'marga
732 2753 759 2780 6,
853 2774 858 2779 .
879 2754 942 2780 m-„z
967 2762 1116 2791 quousque
1139 2763 1205 2794 ¹¹⁰¹¹:
1279 2764 1314 2782 12.
1332 2756 1374 2792 ⁴B:
1400 2761 1556 2790 conv1c1155
1583 2757 1621 2783 ib.
1646 2756 1669 2782 D
1704 2765 1710 2782 ε
1728 2762 1767 2794 ⁴ut

556 2786 662 2812 ultima.
746 2784 782 2812 13.
802 2787 841 2812 A:
862 2791 948 2812 totam
968 2791 1071 2816 totam;
1100 2787 1135 2813 ib.
1156 2787 1218 2813 Bc:
1238 2787 1364 2814 cautelis.
1448 2796 1485 2819 14.
1506 2789 1547 2815 A:
1567 2792 1592 2814 et
1611 2789 1708 2821 dolos3
1727 2789 1765 2815 ib.

555 2817 617 2844 DE:
638 2825 794 2851 nunquam.
861 2825 902 2846 22.
920 2817 960 2845 23.
980 2819 1092 2845 BCDE:
1113 2820 1221 2855 tingunt
1239 2834 1271 2839 —
1288 2820 1404 2846 ecclesie
1422 2820 1509 2846 deest.
1576 2828 1619 2852 ει.
1639 2821 1680 2847 A:
1720 2828 1767 2847 ars

555 2849 624 2875 eius.
675 2849 717 2875 28.
735 2849 774 2875 C:
793 2849 948 2876 destrueret
966 2858 999 2876 eo
1017 2851 1093 2884 quod
1113 2851 1282 2878 animosius.
1333 2858 1377 2886 29.
1395 2852 1433 2878 E:
1454 2852 1507 2878 ista
1525 2852 1585 2879 suit.
1637 2851 1677 2878 33.
1737 2853 1765 2879 in

556 2888 661 2915 marga
681 2880 809 2908 doctrina
829 2882 945 2915 prodest
963 2887 1112 2908 sectarum.
1178 2882 1223 2909 36.
1244 2882 1355 2910 BCDE:
1375 2884 1410 2910 de
1427 2892 1557 2917 summm
1575 2884 1613 2911 ib.
1627 2883 1666 2911 C:
1687 2884 1767 2911 boni-

555 2917 610 2939 tate
636 2917 672 2939 et.
689 2944 695 2950 ,
769 2912 811 2972 3ῖ.
838 2914 875 2940 E:
901 2918 927 2940 et
953 2914 1046 2947 deest3
1073 2914 1109 2941 ib.
1130 2915 1151 2940 B
1177 2915 1204 2941 in
1231 2923 1337 2949 marga
1363 2915 1486 2943 Excusat
1513 2924 1543 2942 se
1569 2915 1710 2943 subtiliter
1737 2916 1764 2943 in

555 2945 753 2971 destruccione
769 2953 784 2972 c
796 2945 835 2972 eri
856 2953 905 2979 per
922 2945 1069 2972 Christum
1089 2946 1135 2981 qui
1156 2955 1268 2973 summa
1286 2947 1401 2974 caritate
1418 2947 1558 2975 destruxit
1574 2947 1732 2981 pharis-⁴0³.

1581 2991 1644 3023 26*
