2503 3579
1076 487 1438 519 INTRODUCTION.

664 594 851 632 johannis
871 594 1022 645 Wyclif

611 669 756 699 Sermon.
780 668 931 700 dominic.
953 670 999 704 11,
1021 676 1074 708 41.

503 723 595 761 (Cod.
612 723 757 754 vindob.
781 723 864 761 3928
888 723 943 754 sol.
963 721 1188 761 woh—106³).

466 778 526 808 Vos
549 778 626 808 estis
642 777 692 808 sal
713 780 814 814 terre,
837 786 893 808 vos
915 777 992 808 estis
1015 777 1077 807 lux
1101 775 1224 813 mundi,

741 830 878 860 Matthei
900 830 942 860 V.

545 885 621 914 Hoc
650 884 849 923 evangelium
877 883 973 913 docet
1002 905 1009 913 .
1026 905 1035 913 .
1051 905 1059 913 .
1076 904 1084 912 .
1114 882 1224 921 quales

462 938 585 968 debent
597 947 666 967 esse
678 937 823 976 episcopi
838 940 870 967 et
886 936 1010 976 prelati.
1025 936 1134 967 Primo
1152 958 1159 965 .
1173 958 1180 965 .
1194 958 1201 966 .
1215 958 1223 965 .

462 991 539 1022 dicit
551 992 597 1021 eis
604 991 747 1022 Veritas:
764 991 825 1021 Vos
832 991 905 1021 estis
918 991 969 1020 sal
982 994 1080 1025 terre,
1092 989 1154 1019 hoc
1167 993 1224 1024 est,

461 1045 586 1075 debetis
609 1054 647 1074 ex
670 1044 859 1074 condicione
882 1044 978 1074 vestri
994 1043 1091 1074 offleii
1106 1043 1224 1073 habere

461 1098 689 1139 proprietatem
700 1097 774 1127 salis
786 1097 828 1127 ad
841 1101 983 1127 terrenos
994 1097 1140 1127 homines
1149 1105 1224 1126 con·

461 1152 605 1183 diendos.
629 1152 683 1181 Sal
706 1152 791 1181 enim
813 1151 987 1181 secundum
1003 1150 1160 1181 naturales
1177 1153 1224 1180 est

460 1205 542 1245 lapis
557 1215 594 1234 ex
610 1214 705 1235 arena
721 1208 752 1235 et
769 1214 851 1244 aqua
866 1214 938 1235 cum
953 1205 1066 1234 ardore
1083 1204 1158 1233 solis
1171 1207 1224 1233 aut

459 1259 542 1298 ignis
575 1263 608 1289 et
636 1259 712 1289 flatu
739 1258 827 1289 venti
855 1262 1039 1298 compactus
1068 1262 1098 1288 et
1126 1257 1224 1288 habet

461 1312 673 1353 proprietates
686 1312 888 1352 multiplices.
894 1312 978 1341 Nam
985 1311 1071 1341 iuxta
1083 1311 1224 1349 regulam

460 1365 646 1396 Aristotelis
667 1366 728 1395 IV.
756 1366 975 1396 Meteororum
998 1364 1184 1395 dissolvitur
1206 1373 1224 1394 a

462 1419 577 1458 frigido
600 1422 631 1449 et
653 1419 795 1449 humido.
819 1419 875 1449 Sal
897 1418 997 1449 eciam
1020 1423 1134 1448 terram
1150 1418 1223 1448 lacit

461 1473 610 1508 sterilem,
638 1473 729 1503 cibos
751 1472 872 1508 condit,
895 1481 1006 1502 carnes
1034 1472 1171 1502 exsiccat
1193 1475 1225 1501 et

461 1536 480 1557 a
509 1526 744 1566 putreseccione
777 1525 877 1556 fetore
906 1529 938 1556 et
965 1535 1071 1555 verme
1100 1534 1223 1564 preser-

459 1584 512 1609 vat
535 1601 667 1610 ......
691 1579 990 1618 Correspondenter
1018 1577 1058 1607 ad
1089 1578 1224 1616 primum

459 1632 575 1673 prelati
604 1632 683 1662 boni
720 1631 825 1661 taliter
861 1634 1052 1670 generantur
1087 1630 1132 1660 hii
1169 1629 1224 1669 qui

459 1686 598 1716 condam
626 1689 716 1714 erant
743 1694 839 1714 arena
867 1688 1030 1714 terrestres
1057 1688 1152 1723 atque
1177 1683 1225 1712 in-

459 1739 592 1769 stabiles
614 1738 701 1767 iuxta
722 1736 908 1777 parabolam
924 1736 1042 1767 Christi
1064 1736 1105 1767 de
1127 1736 1224 1767 domo

446 1792 602 1832 fundata
619 1800 717 1832 super
731 1799 868 1821 arenam
881 1790 1018 1821 Matthei
1030 1791 1112 1820 V11:
1128 1791 1226 1829 Aqua

457 1844 661 1885 baptismatis
678 1848 710 1874 et
726 1844 848 1874 ardoris
862 1844 945 1882 ignis
967 1844 1067 1873 divini
1090 1853 1126 1873 ac
1149 1843 1224 1873 flatu

458 1899 590 1939 spiritus
627 1897 728 1928 sancti
764 1900 1018 1937 companguntnr
1055 1901 1087 1926 et
1130 1906 1226 1936 super

458 1953 565 1982 nivem
580 1952 621 1982 ab
637 1951 796 1991 opacitate
812 1950 934 1991 peccati
950 1950 1142 1980 dealbantur
1154 1971 1161 1980 .
1174 1971 1183 1980 .
1196 1972 1204 1979 .
1217 1972 1225 1980 .

547 2004 624 2035 Alie
644 2009 750 2034 autem
774 2007 911 2043 quatuor
933 2003 1145 2043 proprietates
1169 2004 1224 2033 mi-

460 2059 541 2089 stice
563 2058 681 2087 debent
704 2057 834 2097 prelatis
863 2062 1055 2097 competere,
1084 2067 1157 2087 cum
1184 2057 1224 2087 ad

461 2113 525 2142 hoc
553 2121 572 2142 a
599 2121 679 2151 puro
708 2111 785 2146 sole,
813 2111 846 2141 id
875 2115 932 2147 est,
956 2111 1084 2141 Christo
1107 2121 1224 2150 coagu-

458 2167 566 2196 lantur
602 2165 648 2194 sic
683 2165 795 2204 sapide
828 2168 863 2194 ut
897 2165 1031 2195 ter-renis
1067 2165 1225 2195 inhiantes

459 2219 578 2249 saciant
600 2218 796 2248 sterilescere
821 2217 928 2256 quoad
956 2218 1110 2248 secularia
1140 2218 1223 2248 desi-

459 2272 549 2302 deria
566 2271 672 2302 radice
686 2271 834 2308 cerosa(!)
851 2271 916 2301 sale
933 2271 1082 2301 desiderii
1098 2271 1224 2302 celestis

459 2327 547 2356 iuxta
576 2325 657 2355 illud
678 2324 743 2354 Titi
766 2326 815 2354 11:
852 2326 1015 2364 Apparuit
1038 2325 1224 2366 benignitas

463 2378 589 2409 (Christi
617 2378 768 2409 erudiens
799 2387 856 2409 nos
886 2381 921 2408 ut
942 2378 1142 2418 abnegantes
1165 2379 1224 2409 im-

457 2432 616 2472 pietatem
630 2434 662 2462 et
674 2431 839 2461 secularia
847 2431 1011 2462 desideria
1024 2431 1131 2462 sobrie
1144 2431 1226 2463 iuste

460 2489 493 2516 et
513 2483 570 2524 pie
593 2484 739 2514 vivamus
763 2483 794 2514 in
821 2485 882 2514 hoc
912 2485 1029 2515 seculo.
1066 2486 1150 2514 Nam
1179 2485 1224 2515 sal

461 2538 623 2578 sapiencie
647 2538 800 2568 ruditates
823 2541 962 2568 vetustas
992 2539 1114 2578 peccati
1143 2539 1225 2568 radi-

460 2592 542 2622 citus
566 2591 716 2625 eradicat,
739 2594 771 2620 et
795 2591 834 2620 de
851 2594 943 2621 tanto
967 2592 1118 2621 secularia
1141 2592 1224 2621 ‹lesi—

461 2645 550 2675 ‹leria
571 2645 782 2675 sterilescunt.
806 2645 859 2675 Sic
876 2645 959 2674 enim
975 2645 1095 2676 debent
1112 2646 1226 2685 prelati

456 2698 588 2729 inutiles
621 2699 747 2738 plantas
781 2698 990 2728 affeccionum
1024 2700 1160 2730 evellere
1193 2704 1225 2729 et

458 2753 600 2783 sinceras
621 2752 753 2782 virtutes
776 2751 914 2781 inserere
939 2753 1024 2782 iuxta
1039 2753 1118 2782 illud
1133 2754 1223 2793 Jere-

459 2805 522 2836 mie
545 2806 577 2835 1:
602 2805 683 2836 Ecce
705 2805 858 2836 constitui
882 2809 913 2836 te
935 2814 1032 2845 super
1056 2811 1171 2847 gentes
1194 2811 1224 2837 et

462 2868 581 2900 regna,
604 2862 639 2888 ut
661 2858 782 2889 evellas
804 2862 855 2888 etc
858 2881 965 2889 .....

1945 490 2051 520 XXV

1517 595 1701 633 Johannis
1730 597 1816 635 Hus

1288 669 1401 700 Sermo
1417 670 1448 700 in
1465 671 1518 701 die
1533 680 1558 702 s.
1569 672 1745 710 Augustini
1760 671 1889 704 habitus
1905 674 1934 712 (a
1950 674 2051 713 1409).

1324 723 1421 763 (Opp.
1444 728 1521 755 tom.
1544 726 1579 754 11
1601 725 1656 755 sol.
1678 725 2015 765 XLIVa—XLVIb).

1293 778 1355 808 Vos
1378 778 1454 808 estis
1476 778 1527 809 sal
1550 783 1646 816 terre,
1671 788 1726 810 vos
1749 781 1825 811 est1's
1846 780 1909 811 lux
1925 780 2051 820 mundi,

1570 832 1708 863 Matthei
1731 833 1772 863 V.

1374 884 1484 914 Verba
1498 884 1671 915 Salvator-is
1692 885 1810 916 docent
1831 887 2053 926 exemplariter

1290 937 1401 976 quales
1423 947 1492 968 esse
1516 937 1655 968 debeant
1678 939 1837 975 doctores,
1861 940 2006 980 episcopi
2020 944 2052 970 et

1290 991 1414 1031 prelati.
1437 991 1526 1022 Dicit
1548 1001 1625 1031 ergo
1648 993 1751 1032 primo
1775 1015 1783 1023 .
1800 1015 1807 1022 .
1825 1015 1832 1023 .
1850 1015 1857 1023 .
1891 993 1952 1024 Vos
1976 994 2053 1025 estIs

1290 1046 1341 1075 sal
1364 1049 1453 1076 terre
1476 1068 1483 1075 .
1500 1068 1507 1075 .
1525 1068 1532 1075 .
1550 1070 1557 1076 .
1581 1045 1644 1075 hoc
1671 1049 1729 1082 est,
1765 1046 1891 1076 debetis
1914 1056 1952 1076 ex
1974 1056 2051 1077 con·

1289 1098 1417 1129 dicione
1439 1098 1536 1129 vestri
1558 1098 1657 1129 officii
1678 1098 1797 1129 habere
1821 1100 2051 1139 proprietatem

1290 1152 1365 1183 salis
1379 1152 1420 1182 ad
1436 1156 1578 1182 terrenos
1592 1152 1739 1182 homines
1754 1152 1954 1183 condiendos
1970 1175 1978 1183 .
1994 1175 2002 1183 .
2020 1175 2028 1183 .
2045 1176 2053 1184 .

1291 1205 1347 1236 Sal
1368 1205 1452 1236 enim
1474 1205 1651 1235 secundum
1672 1205 1832 1236 naturales
1854 1209 1902 1236 est
1916 1205 1998 1246 lapis
2014 1216 2053 1236 ex

1289 1268 1386 1288 arena
1408 1263 1439 1289 et
1463 1268 1546 1298 aqua
1567 1268 1638 1288 cum
1661 1259 1774 1289 ardore
1796 1259 1874 1289 solis
1897 1264 1949 1289 aut
1971 1259 2053 1298 ignis

1290 1317 1321 1342 et
1338 1312 1412 1342 flatu
1428 1312 1515 1342 venti
1531 1316 1717 1352 compactus
1733 1316 1765 1342 et
1780 1322 1838 1352 per
1853 1321 2053 1351 consequens

1289 1366 1375 1395 iuxta
1398 1366 1540 1404 regulam
1555 1366 1741 1395 Aristotelis
1763 1366 1813 1397 IV
1835 1367 2054 1397 Meteororum

1291 1418 1475 1449 dissolvitur
1509 1428 1527 1447 a
1562 1418 1677 1457 frigido
1706 1422 1738 1449 et
1766 1418 1898 1449 humido
1922 1441 2053 1449 ......

1289 1495 1297 1502 .
1315 1495 1322 1503 .
1340 1494 1348 1502 .
1365 1494 1373 1502 .
1390 1472 1443 1501 Sal
1460 1472 1556 1501 etiam
1571 1472 1646 1501 facit
1660 1476 1774 1502 terram
1791 1472 1941 1508 sterilem,
1964 1473 2055 1503 cibos

1289 1525 1411 1560 condit,
1425 1535 1536 1555 carnes
1552 1525 1686 1555 exsiccat
1711 1529 1742 1555 et
1766 1535 1783 1555 a
1806 1525 2053 1565 putrefaccionm

1291 1579 1391 1608 fetore
1407 1583 1437 1608 et
1454 1588 1560 1608 verme
1576 1582 1739 1618 preservat
1755 1601 1762 1608 .
1776 1601 1784 1608 .
1797 1601 1805 1609 .
1819 1601 1827 1608 .
1843 1582 1874 1608 et
1890 1579 2054 1617 signanter

1288 1632 1444 1670 significat
1483 1631 1624 1671 prelatos
1660 1632 1765 1661 bonos
1802 1632 1856 1670 qui
1890 1631 2053 1670 quondam

1289 1689 1378 1715 erant
1414 1694 1510 1715 arena
1545 1684 1703 1715 instabilis
1739 1685 1825 1714 iuxta
1867 1684 2052 1724 parabolam

1289 1738 1407 1769 Christi
1435 1738 1476 1769 de
1505 1738 1602 1769 domo
1619 1736 1770 1778 fundata
1793 1747 1891 1778 super
1912 1746 2051 1769 arenam

1289 1791 1426 1822 Matthei
1463 1792 1546 1821 VII:
1584 1792 1630 1821 Hi
1665 1800 1748 1830 aqua
1782 1791 1986 1830 baptismatis
2022 1795 2054 1821 et

1289 1845 1403 1874 ardore
1425 1845 1508 1882 ignis
1532 1844 1632 1874 divini
1654 1853 1692 1873 ac
1715 1844 1790 1874 flatu
1807 1844 1908 1874 sancti
1925 1844 2056 1884 spiritus

1289 1901 1545 1938 compunguntur
1573 1901 1604 1927 et
1632 1907 1727 1938 super
1760 1897 1864 1927 nivem
1899 1897 1939 1927 ab
1973 1907 2052 1938 opa-

1289 1952 1386 1981 citate
1409 1952 1533 1991 peccati
1556 1951 1748 1981 dealbantur
1765 1973 1772 1980 .
1790 1973 1797 1980 .
1814 1973 1821 1981 .
1839 1973 1848 1981 .

1374 2006 1446 2035 Hee
1462 2005 1676 2045 proprietates
1691 2004 1821 2044 mystice
1837 2004 1958 2034 debent
1973 2004 2057 2034 vica-

1290 2058 1343 2088 riis
1360 2058 1478 2088 Christi
1493 2061 1687 2097 competere,
1710 2067 1782 2087 cum
1804 2058 1845 2087 ad
1860 2057 1921 2088 hoc
1938 2067 1957 2087 a
1972 2067 2053 2098 puro

1290 2111 1367 2147 sole,
1383 2111 1417 2141 id
1432 2115 1489 2146 est,
1503 2110 1630 2141 Christo
1643 2111 1860 2149 coagulantur,
1874 2110 1919 2140 sic
1935 2110 2056 2150 sapide,

1289 2169 1326 2194 ut
1346 2164 1492 2194 homines
1515 2164 1649 2194 terrenis
1671 2163 1833 2194 inhiantes
1857 2164 1949 2194 faciat
1965 2164 2056 2194 steri-

1289 2218 1409 2247 lescere
1437 2217 1544 2256 quoad
1571 2217 1724 2247 secularia
1752 2217 1919 2253 desideria.
1948 2218 2053 2248 radice

1290 2283 1418 2303 corrosa
1430 2273 1496 2303 sale
1509 2273 1657 2303 desiderii
1673 2274 1800 2303 celestis
1814 2274 1900 2303 iuxta
1915 2273 1995 2303 illud
2011 2274 2052 2303 ad

1289 2327 1396 2356 Titum
1412 2329 1459 2356 11:
1470 2327 1631 2366 Apparuit
1646 2327 1830 2367 benignitas
1842 2327 1966 2357 Christi
1979 2336 2054 2358 eru-

1290 2380 1381 2411 diens
1389 2388 1445 2410 nos
1455 2384 1488 2410 ut
1498 2379 1700 2421 abnegantes
1707 2389 1833 2410 omnem
1849 2380 1860 2410 i
1863 2379 2051 2420 mpletatem

1291 2438 1321 2464 et
1338 2433 1499 2464 secularia
1517 2433 1682 2464 desideria
1697 2433 1804 2464 sobrie
1816 2436 1848 2464 et
1854 2433 1910 2472 pie
1922 2435 1953 2464 et
1968 2433 2054 2463 iuste

1291 2488 1440 2518 vivamus
1460 2487 1492 2517 in
1510 2487 1571 2517 hoc
1592 2487 1709 2517 seculo.
1731 2487 1816 2516 Nam
1832 2486 1878 2516 sal
1893 2481 2053 2525 sapiencie

1292 2541 1444 2571 ruditates
1451 2541 1617 2571 vetustatis
1625 2540 1748 2580 peccati
1756 2540 1906 2570 radicitus
1913 2539 2053 2569 eradicat

1291 2598 1322 2624 et
1339 2595 1378 2623 de
1395 2591 1485 2623 tanto
1501 2594 1653 2623 secularia
1669 2593 1827 2623 desideria
1842 2592 2053 2622 sterilescunt.

1291 2648 1343 2677 Sic
1359 2648 1442 2677 enim
1458 2647 1577 2677 debent
1593 2647 1698 2686 vicarii
1717 2646 1936 2686 apostolorum
1960 2646 2051 2684 plan-

1290 2704 1337 2730 tas
1354 2701 1481 2730 inutiles
1498 2699 1706 2730 affeccionum
1722 2699 1857 2729 evellere
1870 2702 1901 2729 et
1914 2699 2053 2728 sinceras

1289 2754 1420 2783 virtutes
1452 2754 1590 2783 inserere
1619 2753 1705 2782 iuxta
1739 2751 1818 2782 illud
1851 2752 1991 2791 Jeremie
2018 2753 2034 2781 Ι
2048 2762 2055 2782 :

1291 2806 1366 2848 Ego
1389 2806 1546 2837 constitui
1568 2811 1600 2837 te
1622 2815 1720 2846 super
1742 2809 1857 2847 gentes
1881 2810 1911 2836 et
1936 2813 2050 2845 regna,

1291 2865 1326 2891 ut
1353 2861 1472 2892 evellas
1500 2864 1532 2892 et
1559 2860 1711 2891 destruas
1744 2864 1776 2891 et
1810 2858 1987 2899 disperdas
2020 2863 2051 2890 et

1291 2913 1425 2955 dissipes
1447 2917 1480 2945 et
1502 2913 1631 2953 edifices
1653 2918 1685 2945 et
1702 2914 1838 2954 plantes
1861 2936 1868 2943 .
1886 2934 1893 2942 .
1911 2934 1919 2942 .
1936 2934 1944 2943 .
