2503 3579
1004 881 1316 948 Contents.

829 1018 1115 1062 Evangelia
1144 1018 1497 1055 dominicalia.

367 1100 536 1131 Praefatio.

368 1172 489 1201 Sermon
1884 1161 1975 1207 I‘age'

892 1207 998 1238 First
1020 1208 1180 1249 Sundny
1203 1207 1242 1239 in
1264 1208 1431 1238 Advent.

460 1250 482 1280 I.
505 1249 588 1280 Cum
611 1249 904 1291 appropinquasset
924 1250 1018 1281 jesus
1040 1251 1255 1282 Jerosolimis.
1278 1249 1390 1282 Matth.
1415 1250 1497 1289 XXI,
1520 1259 1529 1280 i
1566 1271 1874 1281 ........
1940 1259 1949 1280 1

869 1304 1025 1334 Second
1048 1303 1207 1345 Sundny
1231 1303 1270 1334 in
1293 1303 1457 1335 Advent.

444 1346 480 1377 11.
506 1346 607 1377 Erunt
628 1346 721 1386 signa
743 1344 775 1376 in
798 1346 879 1376 sole.
903 1347 984 1377 Luc.
1005 1346 1091 1384 XXI,
1115 1346 1153 1378 25
1183 1366 1877 1378 ................
1936 1353 1957 1385 9

883 1399 1013 1430 Thin-e
1033 1400 1196 1441 Sunday
1218 1400 1256 1431 in
1280 1400 1447 1432 Advent.

434 1442 484 1473 III.
508 1442 593 1473 Cum
616 1442 760 1473 audisset
782 1441 949 1473 johannes
971 1443 1004 1473 in
1026 1442 1174 1473 vinculis.
1198 1442 1309 1474 Matth.
1334 1442 1387 1482 XI,
1411 1452 1428 1474 2
1482 1462 1876 1474 ..........
1919 1440 1956 1472 15

873 1495 1022 1527 Fourth
1046 1496 1207 1536 Sundey
1230 1495 1268 1526 in
1290 1496 1455 1527 Advent.

435 1539 488 1569 IV.
512 1538 667 1569 Miserunt
688 1538 781 1569 Judei
804 1538 844 1569 ab
866 1538 1080 1569 JerosolimIs.
1102 1538 1175 1569 Joh-
1199 1538 1222 1577 1,
1250 1548 1287 1581 ¹9
1314 1558 1877 1570 ..............
1918 1544 1955 1567 22

699 1590 859 1632 Sunday
884 1591 1025 1622 within
1046 1591 1197 1623 Octave
1218 1591 1262 1622 of
1281 1591 1504 1623 Christmas
1529 1592 1617 1632 Day-

449 1634 486 1664 V.
512 1634 610 1665 Erant
632 1633 754 1674 Ioseph
778 1641 811 1665 et
834 1632 933 1665 Maria
956 1641 1058 1666 muter
1081 1634 1213 1666 Domini
1236 1635 1399 1665 mirantes.
1424 1635 1502 1666 Luc.
1527 1635 1563 1672 11,
1588 1633 1625 1666 33
1657 1655 1877 1665 ......
1918 1631 1958 1663 28

959 1688 1046 1718 The
1069 1688 1374 1719 CircumcisIon.

427 1730 481 1761 vl.
508 1730 685 1770 Postquam
710 1730 890 1760 consumati
914 1736 990 1761 sunt
1013 1731 1082 1761 dies
1105 1737 1191 1762 octo.
1215 1732 1293 1762 Luc.
1318 1730 1355 1769 11,
1380 1739 1414 1762 21
1442 1751 1750 1761 ........
1921 1727 1960 1759 35

1003 1783 1089 1815 The
1113 1784 1333 1826 Epiphany.

416 1826 485 1857 Vll.
510 1826 591 1857 Cum
616 1833 711 1857 natus
735 1832 819 1857 esset
841 1826 945 1857 Jesus.
967 1826 1080 1859 Mutth.
1103 1827 1141 1864 n,
1167 1837 1176 1857 ι
1232 1846 1881 1859 ................
1920 1824 1961 1864 43

718 1879 878 1920 Sunday
901 1879 1043 1911 within
1067 1880 1217 1912 Octave
1240 1880 1284 1911 os
1302 1880 1369 1911 the
1393 1880 1614 1921 Epiphany.

405 1922 487 1953 VIII.
511 1921 598 1953 Vidit
622 1922 787 1953 Johannes
810 1922 930 1954 Jesum.
953 1922 1025 1955 Joh.
1049 1923 1071 1962 I,
1097 1933 1136 1965 29
1189 1943 1878 1955 .................
1916 1930 1960 1965 49

892 1975 1044 2007 Octave
1067 1976 1111 2007 of
1129 1976 1197 2007 the
1219 1975 1440 2018 Epiphany.

430 2018 484 2050 IX.
508 2017 605 2048 Venit
627 2018 721 2049 ,Iesus
745 2028 762 2048 a
786 2017 919 2049 Galiien.
941 2018 1055 2049 Matth.
1078 2019 1129 2059 III,
1158 2019 1192 2051 13
1233 2040 1880 2051 ................
1921 2018 1959 2059 57

825 2070 930 2102 First
952 2072 1112 2113 sundny
1134 2072 1235 2103 after
1257 2071 1324 2103 the
1348 2072 1510 2103 Octnve.

448 2115 488 2145 X.
513 2114 595 2145 Cum
620 2114 721 2144 sacius
745 2120 793 2145 est
815 2115 919 2146 iesus.
942 2116 1030 2146 Luce
1055 2116 1091 2154 11,
1112 2124 1152 2154 42
1193 2136 1880 2146 .................
1919 2113 1961 2146 66

796 2167 951 2198 Second
975 2168 1136 2209 Sunday
1161 2167 1262 2199 after
1283 2167 1351 2199 the
1374 2168 1534 2199 Octave.

428 2209 483 2240 XI.
507 2209 632 2250 Nupcie
656 2209 737 2240 facte
761 2216 837 2240 sunt
859 2210 890 2240 in
915 2210 1028 2242 Chnna
1051 2211 1186 2242 Galilee.
1209 2210 1283 2242 Joh.
1308 2211 1346 2249 II,
1367 2221 1376 2242 ι
1400 2231 1879 2242 ............
1918 2220 1959 2252 72

812 2263 942 2294 Third
967 2264 1128 2305 Sunday
1150 2264 1254 2295 after
1276 2264 1344 2295 the
1367 2265 1525 2296 Octave.

415 2305 483 2337 XII.
508 2306 590 2336 Cum
615 2305 838 2338 descendisset
860 2307 963 2339 Jesus.
986 2307 1100 2338 Matth.
1117 2307 1199 2344 VIII,
1220 2317 1230 2338 x
1274 2328 1881 2338 ...............
1921 2307 1963 2349 78

804 2359 952 2390 Fourth
977 2360 1137 2401 Sunday
1160 2359 1265 2391 after
1287 2360 1355 2392 the
1378 2360 1538 2392 Octnve.

402 2402 486 2433 XIII.
509 2402 713 2432 Ascendente
737 2403 830 2433 ,Iesus
854 2402 885 2433 in
911 2403 1101 2435 naviculam.
1124 2402 1237 2435 Matth.
1255 2403 1338 2442 VIII,
1362 2404 1399 2435 23
1446 2424 1880 2435 ...........
1919 2401 1961 2434 86

822 2455 930 2486 Fifth
955 2457 1115 2498 Sunday
1138 2456 1240 2487 after
1261 2456 1329 2488 the
1353 2457 1515 2488 Octtve.

398 2498 486 2529 XIV.
511 2498 624 2529 Simile
647 2504 695 2529 est
719 2507 857 2539 regnum
881 2499 1026 2530 celorum
1051 2499 1176 2530 homIni
1201 2500 1256 2540 qui
1279 2499 1461 2531 seminavit.
1484 2500 1596 2532 Matth.
1621 2499 1702 2536 XIII,
1730 2508 1769 2539 24
1786 2521 1794 2529 .
1872 2521 1880 2529 .
1918 2498 1959 2540 93

922 2552 1226 2593 Septuagesima
1248 2553 1417 2584 Sundav.

346 2603 361 2618 ¹
420 2595 490 2625 XV.
513 2594 624 2625 Simile
647 2601 697 2625 est
716 2603 855 2634 regnum
880 2595 1024 2626 celorum
1050 2594 1177 2626 homini
1201 2587 1433 2637 patrifamilias.
1457 2595 1569 2627 Matth.
1594 2595 1661 2634 XX,
1682 2606 1692 2627 ι
1742 2617 1751 2626 .
1784 2616 1792 2625 .
1827 2616 1836 2625 .
1870 2616 1879 2625 .

946 2648 1200 2689 Sexagesima
1223 2648 1396 2690 Sunday.

1918 2602 1960 2635 99

402 2691 487 2722 XVI.
510 2691 596 2722 Exiit
618 2690 673 2732 qui
697 2691 844 2722 seminat.
869 2692 956 2722 Luce
981 2691 1063 2728 VIII,
1087 2691 1104 2722 5
1145 2713 1878 2723 ..................
1903 2699 1963 2731 ¹⁰7

903 2744 1247 2786 Quinquagesima
1270 2745 1440 2785 Sunday.

385 2788 487 2819 XVII.
508 2788 697 2829 Assumpsit
717 2787 814 2819 Jeeus
837 2786 1011 2818 duodecim
1035 2787 1222 2828 discipulos.
1245 2787 1333 2818 Luce
1357 2787 1473 2827 XVIII,
1497 2787 1532 2819 ³1
1576 2809 1883 2818 ........
1905 2795 1964 2826 ¹¹4

928 2841 1032 2872 First
1054 2840 1411 2882 Suadayin1.ent.

369 2884 488 2916 XVIII.
511 2884 635 2915 Ductus
658 2891 707 2916 est
728 2884 822 2915 Jesus
845 2883 875 2915 in
902 2885 1078 2916 desertum.
1102 2884 1215 2915 Mutth.
1239 2884 1292 2922 IV,
1315 2893 1323 2914 ι
1362 2905 1882 2915 .............
1904 2891 1957 2913 ¹21
