2503 3579
897 1072 1338 1126 PRAEFATIO.

566 1222 659 1256 Cum
690 1221 788 1255 Deus
830 1220 1069 1267 undiquaque
1103 1221 1234 1266 plenus
1272 1221 1450 1257 abhorret
1482 1233 1641 1257 vacuum
1684 1229 1720 1257 et

511 1273 775 1309 abhominatur
810 1273 846 1309 in
881 1283 1051 1310 creatura
1086 1286 1151 1310 sua
1187 1274 1365 1310 racionali
1399 1275 1537 1319 ocium,
1575 1275 1720 1310 videtur

511 1329 612 1373 quod
641 1326 794 1373 quilibet
828 1328 946 1363 fidelis
980 1329 1182 1363 secundum
1217 1329 1398 1364 talentum
1433 1328 1501 1364 sibi
1537 1328 1718 1364 creditum

481 1382 617 1416 5daret
650 1391 803 1425 operam
841 1383 888 1416 ad
924 1380 1103 1417 instanter
1138 1393 1180 1417 ac
1215 1381 1359 1416 solicite
1393 1383 1623 1428 operandum
1663 1393 1718 1416 se-

513 1435 674 1469 cundum
724 1446 934 1470 mensuram
988 1435 1077 1469 dicti
1125 1434 1252 1470 talenti
1300 1443 1336 1470 et
1383 1435 1562 1480 temporis
1615 1436 1713 1481 quod

513 1487 694 1523 Dominus
719 1487 788 1522 sibi
814 1487 967 1523 tradidit
993 1490 1039 1523 ad
1065 1489 1163 1523 hunc
1190 1488 1314 1523 finem.
1344 1490 1388 1523 Et
1411 1488 1495 1524 ideo
1516 1497 1554 1523 ut
1575 1496 1719 1523 senten-

511 1541 568 1576 cia
598 1540 664 1576 Dei
693 1540 739 1575 sit
769 1541 915 1587 planior
945 1550 979 1576 et
1008 1553 1133 1577 servus
1167 1553 1254 1577 suus
1288 1541 1429 1577 inutilis
1463 1541 1718 1585 excusabilior,

510 1594 655 1629 videtur
683 1596 783 1640 quod
814 1594 851 1629 in
880 1594 944 1629 illo
973 1595 1057 1630 ocio
1086 1606 1161 1641 quo
1191 1606 1212 1630 a
1240 1594 1445 1630 scolasticis
1478 1595 1647 1630 ociamur
1683 1602 1718 1630 et

461 1648 548 1682 min
582 1647 798 1693 particulari
834 1647 1066 1683 edilicacioni
1103 1647 1256 1683 ecclesie
1291 1647 1328 1683 in
1366 1648 1437 1683 line
1472 1648 1616 1683 dierum
1651 1659 1717 1682 no-

510 1710 672 1736 strorum
693 1700 949 1741 sollicitamur.
979 1701 1050 1737 sint
1070 1712 1298 1736 sermones
1319 1702 1450 1737 rudes
1470 1703 1515 1736 ad
1537 1702 1717 1747 populum

512 1754 724 1800 colligendi,
760 1763 798 1789 ut
828 1754 857 1789 si
887 1754 950 1800 qui
978 1766 1066 1790 sane
1095 1754 1265 1789 doctrine
1293 1754 1430 1789 Christi
1465 1754 1718 1789 consenserint

511 1808 593 1853 plus
620 1815 808 1849 notentur,
839 1816 874 1843 et
903 1807 965 1854 qui
994 1820 1017 1844 a
1045 1808 1200 1844 veritate
1229 1807 1415 1843 catholica
1451 1807 1716 1843 declinaverint

511 1860 753 1896 declinentur.
791 1863 883 1897 Nam
925 1873 968 1897 ea
1007 1861 1218 1897 intencione
1259 1872 1327 1906 ego
1368 1873 1452 1896 cum
1494 1872 1717 1907 quocunque

462 1914 696 1949 :scatholico
736 1914 846 1960 plane
886 1914 1030 1961 loquor.
1072 1917 1116 1950 Et
1156 1922 1195 1949 ut
1236 1915 1481 1960 fragmentum
1519 1914 1716 1950 collectum

510 1966 638 2013 apcius
672 1976 870 2002 annotetur
905 1968 949 2012 (si
985 1970 1083 2003 Deus
1117 1968 1301 2011 voluerit),
1342 1979 1407 2013 per
1447 1968 1610 2013 singulas
1650 1968 1717 2002 do-

511 2020 665 2056 minicas
694 2032 759 2066 per
788 2021 873 2056 anni
903 2021 1082 2056 circulum
1114 2029 1398 2057 transcurretur.

564 2075 720 2109 Possunt
745 2082 868 2109 autem
896 2074 964 2110 iste
989 2074 1175 2109 dominice
1201 2075 1534 2120 correspondenter
1558 2075 1604 2109 ad
1631 2073 1718 2109 anni

510 2126 690 2162 circulum
724 2126 837 2162 dividi
873 2127 909 2162 in
944 2127 1142 2170 senarium,
1179 2127 1242 2174 qui
1277 2135 1330 2163 est
1364 2127 1507 2174 primus
1534 2127 1718 2173 perfectus

456 2192 498 2215 ao
511 2192 686 2215 numerus
720 2180 921 2216 circularis.
957 2181 1082 2216 Prima
1110 2193 1196 2227 pars
1229 2189 1282 2215 est
1311 2180 1570 2227 quaternarius
1599 2179 1719 2215 domi·

510 2233 676 2268 nicarum
708 2235 885 2269 adventus
906 2234 1068 2268 Domini.
1098 2235 1268 2269 Secunda
1296 2245 1384 2270 vero
1414 2245 1499 2279 pars
1528 2233 1719 2279 quinarius

510 2287 782 2322 dominicarum
810 2299 831 2322 a
857 2287 1045 2323 dominica
1065 2287 1187 2333 prima
1207 2295 1291 2333 post
1311 2290 1490 2322 Octavam
1513 2286 1720 2333 Epiphanio

509 2352 626 2387 usque
645 2342 693 2376 ad
713 2340 940 2376 dominicam
961 2341 1121 2387 primam
1136 2341 1425 2387 Septuagesime.
1438 2340 1572 2376 Tereia
1594 2348 1718 2375 autern

510 2405 595 2439 pars
635 2403 688 2429 est
728 2395 774 2429 ab
814 2394 877 2429 illa
917 2394 1105 2429 dominica
1139 2406 1254 2440 usque
1282 2395 1329 2429 ad
1360 2394 1500 2429 Pascha
1540 2393 1721 2429 exclusive

456 2452 495 2483 25
510 2458 581 2492 que
614 2447 770 2482 includit
798 2459 930 2483 novem
963 2447 1180 2483 dominicas.
1212 2449 1353 2491 Quarta
1387 2456 1511 2482 autem
1545 2458 1631 2492 pars
1667 2454 1720 2482 est

510 2499 686 2535 inclusive
720 2512 742 2535 a
771 2502 911 2536 Pascha
947 2513 1062 2547 usque
1092 2502 1138 2536 ad
1169 2500 1266 2536 diem
1297 2499 1545 2543 Ascensionis,
1576 2512 1647 2546 que
1682 2499 1720 2534 in

509 2565 570 2588 sex
608 2553 805 2589 dominicis
844 2562 897 2590 est
938 2554 1102 2600 impleta.
1138 2554 1209 2589 Sed
1250 2553 1379 2599 quinta
1419 2565 1504 2599 pars
1539 2553 1720 2588 difformis

510 2616 564 2642 est
592 2606 769 2642 inclusive
798 2619 820 2642 a
849 2608 970 2653 prima
999 2606 1187 2643 dominica
1217 2616 1300 2653 post
1330 2608 1461 2642 festum
1485 2606 1720 2642 Ascensionis

509 2671 626 2706 usque
661 2661 706 2696 ad
742 2660 969 2696 dominicam
998 2660 1193 2696 Trinitatis
1228 2669 1264 2696 et
1298 2660 1462 2696 continet
1502 2659 1720 2706 regulariter

575 2802 594 2821 t.
614 2795 694 2822 Hanc
713 2795 916 2829 praefationem
936 2795 1120 2822 solummodo
1138 2796 1166 2822 in
1184 2795 1269 2822 codd.
1283 2795 1304 2822 B
1322 2800 1348 2822 et
1367 2796 1391 2823 C
1409 2795 1544 2823 invenies.
1564 2795 1719 2828 l'mefufim

510 2826 556 2853 liic
574 2827 672 2853 titulus
691 2828 768 2853 deest
787 2827 814 2853 in
833 2827 917 2853 codd.
973 2835 998 2854 2.
1017 2828 1040 2853 (ζ
1059 2828 1086 2854 in
1106 2835 1213 2861 marga
1233 2827 1362 2854 Vncuum
1381 2828 1486 2855 ocium.
1543 2835 1568 2861 7.
1588 2827 1623 2854 B:
1644 2827 1720 2854 Dens

508 2859 572 2891 (sic)
591 2859 655 2885 sibi.
725 2860 762 2896 18..
782 2859 803 2885 B
821 2859 849 2885 iu
870 2866 975 2896 marg.:
1004 2859 1152 2886 Dominice
1176 2859 1343 2886 dividuntur
1366 2860 1394 2886 in
1418 2868 1481 2891 sen
1509 2860 1533 2886 C
1556 2860 1583 2886 in
1610 2867 1718 2893 murga

510 2890 623 2950 lgivisio1
647 2892 856 2917 dominicarum
882 2898 949 2917 nnn!
975 2892 1002 2918 in
1029 2892 1172 2918 senarium
1201 2899 1361 2918 nnmerum.
1465 2899 1506 2918 2².
1525 2892 1547 2918 Β
1565 2892 1593 2918 in
1612 2898 1718 2925 marg.:

533 2930 603 2949 ccun
627 2931 652 2949 a.

1764 1229 1890 1257 Reasons
1909 1230 1956 1257 for

1732 1262 1881 1296 collecting
1908 1262 1987 1289 these

1789 1301 1928 1321 sermons.

1810 2082 1900 2110 Their

1753 2119 1961 2148 arrangement.
