2503 3579
511 435 637 463 sumo
656 427 770 481 mm]
974 439 1103 470 PmMA
1127 439 1234 470 PARS
1909 430 1979 466 383

511 536 687 571 caritatis.
736 538 829 571 Cum
877 548 964 582 ergo
1010 537 1118 571 debet
1160 536 1243 582 plus
1282 535 1434 581 diligere
1472 535 1715 571 universalem

511 589 705 625 ecclesiam
736 601 847 636 quam
889 591 983 625 hanc
1022 589 1263 633 individuam,
1303 589 1448 625 videtur
1488 589 1578 624 mihi
1617 590 1717 635 quod

510 643 695 688 obligatur
726 642 923 678 universali
952 643 1104 678 ecclesie
1134 643 1216 688 plus
1245 643 1437 689 prodesse;
1473 642 1559 678 licet
1592 650 1716 678 autern

510 696 592 741 quis
621 696 845 743 stipendium
876 696 1111 741 singulariter
1139 695 1298 742 accipiat
1328 697 1373 731 de
1402 695 1472 731 ista
1501 695 1717 742 particulari

481 750 677 793 5ecclesia,
719 750 812 785 sicut
852 751 1039 796 quondam
1083 749 1167 784 fecit
1195 750 1407 795 Apostolus.
1450 750 1557 784 debet
1593 757 1717 784 tamen

510 802 547 837 in
577 803 646 839 ista
680 804 736 839 vel
765 814 986 849 quacunque
1014 802 1087 839 alia
1120 802 1158 837 in
1186 814 1260 849 qua
1289 802 1486 838 crediderit
1520 802 1716 838 universali

511 856 663 891 ecclesie
698 857 779 902 plus
813 858 989 902 prodesse
1023 855 1091 891 sibi
1128 855 1244 902 magis
1279 855 1459 902 proficere
1496 864 1531 891 et
1571 855 1608 890 in
1647 855 1717 891 ista

511 909 720 945 intencione
749 910 847 945 licite
876 910 1071 945 alternare.

566 964 671 998 Unde
685 966 739 1007 (ut
759 974 845 1009 sepe
866 963 953 1009 dixi)
969 962 1121 1008 obligati
1143 962 1306 998 ecclesiis
1326 963 1450 1008 quoad
1471 961 1715 997 ministerium
1766 967 1932 1005 ‚Benefieed

460 1027 498 1048 ιο
511 1016 702 1062 spirituale
741 1025 776 1052 et
810 1025 948 1052 stantes
982 1028 1065 1051 curn
1102 1016 1248 1061 regibus
1275 1027 1319 1051 ac
1350 1014 1510 1050 dominis
1544 1015 1582 1049 in
1611 1015 1717 1050 mini·
1731 1003 1899 1060 ''r'‘{ffigess't}
1919 1003 1983 1060 0⁰⁰¹

510 1070 623 1105 sterio
652 1070 850 1117 temporali
879 1078 962 1104 sunt
993 1069 1184 1105 manifeste
1213 1069 1423 1115 proditores
1443 1068 1510 1103 Dei
1539 1077 1575 1103 et
1604 1068 1717 1115 parti·
1788 1064 1921 1123 ffissfflg,

510 1123 645 1159 culatis
671 1123 812 1159 domini
840 1123 897 1158 cui
927 1123 1100 1166 serviunt,
1130 1134 1198 1157 nec
1226 1134 1300 1157 non
1330 1131 1365 1157 et
1394 1122 1491 1157 illius
1520 1121 1717 1168 parrochie
1923 1116 1931 1123 ’

511 1177 567 1212 cui
603 1178 761 1213 debeant
795 1176 1037 1223 spiritualiter
1072 1175 1292 1211 ministrare.
1328 1177 1374 1210 Et
1409 1175 1446 1210 in
1480 1175 1551 1210 ista
1591 1175 1715 1220 prodi-

510 1230 615 1265 cione
644 1238 729 1265 sunt
758 1229 810 1265 rei
838 1242 914 1265 non
942 1230 1063 1265 solum
1094 1229 1210 1265 curati
1237 1228 1393 1274 predicti
1422 1230 1486 1263 sed
1515 1227 1585 1275 ipsi
1613 1240 1715 1264 secu-

461 1283 604 1319 151ares
639 1283 780 1319 domini
814 1283 878 1329 qui
907 1282 1111 1329 proditorie
1145 1282 1182 1317 in
1212 1294 1279 1317 suo
1307 1282 1461 1318 servicio
1495 1293 1579 1317 cum
1610 1281 1716 1317 bonis

511 1337 575 1372 Dei
605 1338 826 1372 subtrahunt
855 1347 999 1372 servum
1028 1348 1136 1372 suum
1167 1347 1188 1371 a
1217 1335 1399 1382 spirituali
1430 1334 1572 1370 meliori
1610 1334 1715 1370 mini-

509 1390 621 1426 sterio
655 1391 755 1437 quod
791 1389 946 1436 ipsemet
980 1389 1164 1425 limitavit.
1200 1388 1238 1424 Si
1274 1389 1372 1424 enim
1402 1400 1476 1424 non
1503 1388 1714 1424 sufficerent

509 1455 575 1479 nec
604 1443 739 1479 scirent
773 1443 842 1478 nisi
877 1443 929 1478 sic
957 1443 1192 1488 singulariter
1222 1442 1432 1478 ministrare
1465 1442 1650 1488 superflue
1680 1450 1714 1477 et

510 1496 796 1544 dampnabiliter
835 1496 1046 1543 acciperent
1085 1495 1248 1531 officium
1289 1494 1505 1531 sacerdotis.
1545 1497 1590 1529 Et
1630 1495 1715 1531 hinc

458 1561 496 1583 πο
510 1552 621 1586 credo
655 1552 756 1597 quod
792 1561 893 1596 reges
928 1558 963 1584 et
998 1549 1183 1596 principes
1218 1549 1256 1584 in
1285 1561 1420 1596 penam
1449 1547 1592 1595 peccati
1623 1548 1714 1584 reci·

509 1603 613 1650 proci
642 1616 664 1640 a
693 1604 828 1640 talibus
858 1602 1001 1638 clericis
1029 1602 1235 1649 proditorie
1263 1604 1501 1638 seducuntur.

562 1657 705 1692 Dicitur
747 1656 844 1692 enim
884 1658 984 1703 quod
1025 1667 1085 1691 rex
1114 1656 1242 1702 Anglie
1283 1667 1324 1691 ex
1364 1655 1519 1692 consilio
1559 1666 1710 1690 suorum
1725 1659 1980 1699 Evilcounseigorn

508 1710 769 1757 episcoporum
789 1718 824 1745 et
844 1710 1063 1745 clericorum
1089 1709 1371 1756 promocionem
1390 1721 1411 1744 a
1431 1708 1532 1744 curia
1546 1710 1714 1744 Romana
1737 1692 1968 1752 Ἳὲνὲοἷῗιῗεῑᾞξῧ

508 1763 785 1810 expectancium
825 1765 961 1799 nedum
1003 1772 1179 1809 procurat
1219 1775 1289 1809 pro
1327 1774 1426 1809 papa
1465 1769 1500 1797 et
1546 1760 1714 1797 cardina·
1740 1756 1808 1783 with
1827 1757 1874 1783 ²⁸¹⁶
1891 1757 1979 1791 Pope.

456 1819 493 1850 25
507 1816 602 1852 libus
637 1826 676 1852 ut
711 1818 756 1852 de
787 1817 893 1852 bonis
921 1816 1082 1863 propriis
1111 1816 1270 1862 spolient
1299 1827 1480 1862 pauperes
1509 1814 1611 1861 regni
1646 1814 1714 1858 sui,

507 1872 570 1905 sed
600 1871 676 1906 lato
711 1869 833 1916 sigillo
862 1881 929 1905 suo
959 1870 1078 1915 signat
1119 1871 1335 1905 mandatum
1381 1870 1482 1915 quod
1528 1868 1715 1914 simplices

508 1923 586 1958 eius
615 1923 771 1959 subiecti
799 1923 964 1959 tribuant
994 1922 1058 1958 tali
1087 1923 1283 1969 dyabolico
1318 1922 1487 1969 rapinam
1517 1929 1714 1968 quantum—

510 1988 654 2023 cunque
689 1976 798 2012 fuerit
835 1976 943 2012 dacio
977 1984 1107 2012 contra
1142 1979 1273 2012 Deum.
1317 1978 1392 2011 Nec
1432 1975 1586 2011 dubium
1626 1974 1716 2021 quin

509 2030 601 2066 tales
630 2029 832 2066 consiliarii
862 2038 896 2065 et
925 2029 1109 2065 consiliati
1138 2029 1213 2065 sive
1243 2028 1407 2076 episcopi
1436 2028 1510 2064 sive
1539 2028 1602 2064 alii
1630 2036 1715 2063 sunt

457 2084 497 2116 3ο
510 2083 765 2130 dampnabiles
794 2084 892 2130 apud
914 2085 1044 2119 Deum.
1075 2083 1264 2129 Numquid
1293 2083 1478 2118 credimus
1506 2082 1606 2128 quod
1632 2080 1715 2116 talis

510 2137 741 2172 consiliarius
780 2137 937 2172 sufficiet
972 2137 1196 2183 respondere
1230 2135 1267 2171 in
1302 2136 1360 2171 die
1395 2135 1521 2170 iudicii
1563 2143 1715 2180 propter

509 2191 656 2236 regem?
685 2192 825 2226 Revera
852 2201 929 2224 non
958 2198 1046 2225 tunc
1075 2189 1321 2224 satisfactorie
1341 2200 1409 2234 pro
1435 2200 1473 2223 se
1502 2188 1595 2233 ipso.
1626 2187 1713 2233 Regi

508 2252 631 2279 autem
661 2255 736 2279 non
764 2243 913 2290 proficit
941 2243 1025 2278 talis
1059 2242 1215 2279 collacio
1244 2242 1314 2277 nisi
1348 2249 1388 2276 ut
1417 2253 1569 2287 reguum
1605 2252 1712 2275 suum

508 2298 792 2344 depauperetur‚
822 2304 862 2331 ut
891 2296 1060 2343 proditor
1088 2308 1175 2331 suus
1199 2307 1264 2342 per
1283 2294 1551 2330 Antichristum
1581 2295 1715 2328 exalte-

456 2353 493 2385 35
508 2357 567 2385 tur
601 2359 635 2386 et
670 2350 817 2397 utrique
850 2349 960 2385 simul
995 2349 1032 2384 in
1067 2349 1168 2385 finali
1202 2348 1341 2384 iudicio
1381 2349 1712 2393 condempnentur.

508 2403 546 2439 Si
576 2416 663 2450 ergo
691 2403 775 2439 talis
805 2404 898 2439 foret
923 2403 1093 2450 proditor
1112 2402 1207 2449 regis
1236 2411 1271 2438 et
1300 2401 1403 2448 regni
1433 2400 1496 2448 qui
1526 2400 1713 2436 mutilaret

507 2468 630 2503 regem
664 2457 818 2492 subdole
854 2458 977 2503 quoad
1012 2468 1159 2503 corpus,
1188 2463 1328 2502 quanto
1358 2455 1474 2501 magis
1503 2454 1598 2489 foret
1627 2465 1713 2500 pro-

570 2577 594 2604 7.
613 2569 703 2597 BCD:
721 2570 749 2596 in
768 2569 856 2597 deest.
961 2578 987 2604 9.
1007 2570 1057 2596 DE
1073 2570 1101 2596 in
1121 2576 1226 2603 marg.:
1244 2568 1335 2601 Noun
1360 2568 1381 2594 B
1399 2568 1427 2595 in
1446 2575 1552 2604 marga
1570 2565 1713 2594 'senentes

505 2602 638 2628 ecclesias
655 2606 681 2628 et
699 2602 853 2628 servientes
878 2602 1005 2628 dominis
1027 2602 1199 2628 vasallorum
1224 2608 1305 2627 more
1327 2604 1394 2626 sunt
1417 2599 1577 2634 proditores
1595 2597 1712 2626 Christi.

506 2641 547 2660 io.
566 2635 605 2660 A:
624 2638 672 2660 aut
688 2633 823 2662 dominis.
899 2641 934 2660 12.
953 2633 1065 2660 BCDE:
1084 2638 1109 2659 et
1128 2633 1213 2659 deest.
1277 2640 1315 2665 14·
1335 2633 1376 2658 A:
1396 2632 1402 2658 i
1427 2631 1450 2658 si
1469 2630 1556 2658 deest.
1618 2631 1655 2658 18.
1673 2631 1709 2658 E:

506 2665 686 2699 singulariter
703 2666 797 2697 ἀωτεῖς
814 2668 856 2692 A:
876 2666 1046 2692 seculariter.
1117 2672 1157 2691 22.
1176 2665 1197 2691 Β
1215 2665 1243 2691 in
1263 2672 1324 2690 mar
1346 2672 1367 2689 .:
1418 2671 1484 2689 uare
1501 2663 1611 2690 domini
1630 2662 1713 2689 sedu-

505 2702 608 2734 cuntur
630 2706 645 2724 a
668 2698 793 2727 clericis:
819 2698 894 2724 racio
914 2698 983 2734 guia
1007 2697 1176 2724 subtrahunt
1199 2704 1249 2722 eos
1272 2696 1335 2722 vide
1349 2696 1405 2733 icet·
1423 2696 1541 2722 clericos
1558 2696 1594 2721 ab
1611 2695 1713 2721 ordine

505 2730 636 2756 clericali.
703 2730 743 2757 25.
763 2731 802 2756 A:
823 2737 948 2763 proprus
965 2729 1052 2755 deest.
1124 2728 1167 2755 26.
1187 2728 1251 2754 1³13:
1272 2729 1335 2754 loco
1354 2728 1456 2761 sigillo.
1523 2734 1537 2754 2
1559 2747 1564 2753 .
1585 2728 1625 2753 A:
1646 2726 1712 2752 sub-

506 2761 578 2787 iecti.
676 2769 717 2795 27,
736 2762 779 2787 28.
798 2762 840 2787 A:
858 2765 1109 2795 quantumcunque
1127 2761 1199 2787 licet.
1297 2767 1341 2793 29.
1361 2761 1401 2786 A:
1420 2763 1446 2785 et
1464 2767 1543 2785 const
1557 2759 1605 2785 iati
1623 2758 1710 2784 deest.

505 2792 545 2819 32.
560 2794 580 2820 B
600 2794 626 2820 in
647 2801 750 2826 marga
770 2793 903 2845 ‘id-‘2¹⁸⁶
917 2794 1014 2840 >valent
1032 2793 1166 2818 daciones
1183 2800 1256 2850 mxc
1273 2795 1368 2818 exacte
1386 2798 1547 2848 pcsf‘iffina·
1590 2789 1633 2830 3:²-
1648 2790 1710 2816 DE:

505 2825 682 2891 ggssgi'igttiii:
695 2830 732 2852 ut.
821 2824 859 2852 3..
880 2825 940 2851 m..
966 2829 993 2851 et
1010 2829 1039 2850 ut
1057 2829 1188 2858 uterque,
1248 2844 1253 2850 .
1274 2828 1300 2850 et
1318 2828 1449 2856 uterquc.
1477 2831 1484 2848 ι
1507 2842 1513 2848 .
1533 2822 1622 2849 AM„
1642 2830 1709 2848 con-
